@article{Rakher2010,
author = {Rakher, Matthew T. and Ma, Lijun and Slattery, Oliver and Tang, Xiao and Srinivasan, Kartik},
doi = {10.1038/nphoton.2010.221},
issn = {1749-4885},
journal = {Nature Photonics},
keywords = {1ph-1q},
mendeley-tags = {1ph-1q},
month = oct,
number = {11},
pages = {786--791},
publisher = {Nature Publishing Group},
shorttitle = {Nat Photon},
title = {{Quantum transduction of telecommunications-band single photons from a quantum dot by frequency upconversion}},
url = {http://dx.doi.org/10.1038/nphoton.2010.221},
volume = {4},
year = {2010}
}

@article{Garmon2009,
author = {S. Garmon and H. Nakamura and N. Hatano and T. Petrosky},
doi = {10.1103/PhysRevB.80.115318},
journal = {Phys. Rev. B},
month = sep,
pages = {115318},
volume = {80},
year = {2009}
}
@article{Garmon2013,
author = {Savannah Garmon and Tomio Petrosky and Lena Simine and Dvira Segal},
doi = {10.1002/prop.201200077},
journal = {Fortschritte der Physik},
month = feb,
pages = {261-275},
volume = {61},
year = {2013}
}

@article{Winter1961,
author = {Rolf G. Winter},
doi = {dx.doi.org/10.1103/PhysRev.123.1503},
journal = {Physical Review},
month = aug,
pages = {1503},
volume = {123},
year = {1961}
}

@article{Chiu1977,
author = {C. B. Chiu and E. C. G. Sudarshan and B. Misra},
doi = {dx.doi.org/10.1103/PhysRevD.16.520},
journal = {Phys. Rev. D},
month = jul,
pages = {520},
volume = {16},
year = {1977}
}

@article{Fonda1978,
author = {L. Fonda and G. C. Ghirardi and A. Rimini},
doi = {dx.doi.org/10.1088/0034-4885/41/4/003},
journal = {Rep. Prog. Phys.},
pages = {587},
volume = {41},
year = {1978}
}

@article{Martorell2008,
author = {J. Martorell and J. G. Muga and D. W. L. Sprung},
doi = {10.1103/PhysRevA.77.042719},
journal = {Phys. Rev. A},
month = apr,
pages = {042719},
volume = {77},
year = {2008}
}

@book{Paley-Wiener,
author = {R. C. Paley and N. Wiener},
isbn = {978-0-8218-1019-4},
publisher = {American Mathematical Society},
title = {{Fourier Transforms in the Complex Domain}},
url = {http://bookstore.ams.org/coll-19},
year = {1934}
}

@article{Hack1982,
author = {M. N. Hack},
doi = {10.1016/0375-9601(82)90775-7},
journal = {Physics Letters A},
month = jul,
pages = {220},
volume = {90A},
year = {1982}
}

@article{Jittoh2005,
author = {Toshifumi Jittoh and Shigeki Matsumoto and Joe Sato and Yoshio Sato and Koujin Takeda},
doi = {10.1103/PhysRevA.71.012109},
journal = {Phys. Rev. A},
month = jan,
pages = {012109},
volume = {71},
year = {2005}
}

@article{GarciaCalderon2006,
author = {Gast\'on Garc\'ia-Calder\'on and Jorge Villavicencio},
doi = {10.1103/PhysRevA.73.062115},
journal = {Phys. Rev. A},
month = jun,
pages = {062115},
volume = {73},
year = {2006}
}

@article{Longhi2006a,
author = {Stefano Longhi},
doi = {10.1103/PhysRevLett.97.110402},
journal = {Phys. Rev. Lett},
month = sep,
pages = {110402},
volume = {97},
year = {2006}
}

@article{Dente2008,
author = {Axel D. Dente and Ra\'ul A. Bustons-Mar\'un and Horacio M. Pastawski},
doi = {10.1103/PhysRevA.78.062116},
journal = {Phys. Rev. A},
month = dec,
pages = {062116},
volume = {78},
year = {2008}
}

@article{Dinu2009,
author = {Victor Dinu and Arne Hensen and Gheorghe Nenciu},
doi = {10.1063/1.3046562},
journal = {Journal of Mathematical Physics},
month = jan,
pages = {013516},
volume = {50},
year = {2009}
}

@article{Longhi2006b,
author = {Stefano Longhi},
doi = {10.1103/PhysRevA.74.063826},
journal = {Phys. Rev. A},
month = dec,
pages = {063826},
volume = {76},
year = {2006}
}

@article{Petrosky2005,
author = {T. Petrosky and Chu-Ong Ting and Sterling Garmon},
doi = {10.1103/PhysRevLett.94.043601},
journal = {Phys. Rev. Lett.},
month = jan,
pages = {043601},
volume = {94},
year = {2005}
}

@article{Tong2010a,
author = {Qing-Jun Tong and Jun-Hong An and Hong-Gang Luo and C. H. Oh},
doi = {10.1088/0953-4075/43/15/155501},
journal = {Journal of Physics B},
month = jul,
pages = {155501},
volume = {43},
year = {2010}
}

@article{Tong2010b,
author = {Qing-Jun Tong and Jun-Hong An and Hong-Gang Luo and C. H. Oh},
doi = {10.1103/PhysRevA.81.052330},
journal = {Phys. Rev. A},
month = may,
pages = {052330},
volume = {81},
year = {2010}
}

@article{Yang2013,
author = {W. L. Yang and Jun-Hong An and Chengjie Zhang and M. Feng and C. H. Oh},
doi = {10.1103/PhysRevA.87.022312},
journal = {Phys. Rev. A},
month = feb,
pages = {022312},
volume = {87},
year = {2013}
}

@article{Lu2013,
author = {Ying-Qi L\"u and Jun-Hong An and Xi-Meng Chen and Hong-Gang Luo and C. H. Oh},
doi = {10.1103/PhysRevA.88.012129},
journal = {Phys. Rev. A},
month = jul,
pages = {012129},
volume = {88},
year = {2013}
}

@article{Chen2016,
author = "Chong Chen and Chun-Jie Yang and Jun-Hong An",
month = jan,
title = "{The exact decoherence-free state of two distant quantum systems in a non-Markovian environment}",
archivePrefix = "arXiv",
eprint = "1601.02303v1",
primaryClass = "quant-ph",
url={http://arxiv.org/pdf/1601.02303v1.pdf},
year = {2016}
}

@article{Ramelow2012,
author = {Ramelow, S. and Fedrizzi, A. and Poppe, A. and Langford, N. K. and Zeilinger, A.},
doi = {10.1103/PhysRevA.85.013845},
issn = {1050-2947},
journal = {Physical Review A},
keywords = {1ph-1q},
mendeley-tags = {1ph-1q},
month = jan,
number = {1},
pages = {013845},
title = {{Polarization-entanglement-conserving frequency conversion of photons}},
url = {http://link.aps.org/doi/10.1103/PhysRevA.85.013845},
volume = {85},
year = {2012}
}

@article{Khalfin1958,
author = {L. A. Khalfin},
doi = {10.1103/PhysRevB.35.979},
journal = {Soviet Physics JETP},
pages = {1053},
title = {{Contribution to the decay theory of a quasi-stationary state}},
volume = {6},
year = {1958}
}

@article{Guinea1987,
author = {F. Guinea and J. A. Verg\'{e}s},
doi = {10.1103/PhysRevB.35.979},
journal = {Phys. Rev. B},
pages = {979},
title = {{Localization and topological disorder}},
url = {http://link.aps.org/doi/10.1103/PhysRevLett.109.147405},
volume = {35},
year = {1987}
}


@article{Ates2012,
author = {Ates, Serkan and Agha, Imad and Gulinatti, Angelo and Rech, Ivan and Rakher, Matthew T. and Badolato, Antonio and Srinivasan, Kartik},
doi = {10.1103/PhysRevLett.109.147405},
issn = {0031-9007},
journal = {Physical Review Letters},
keywords = {1ph-1q},
mendeley-tags = {1ph-1q},
month = oct,
number = {14},
pages = {147405},
title = {{Two-Photon Interference Using Background-Free Quantum Frequency Conversion of Single Photons Emitted by an InAs Quantum Dot}},
url = {http://link.aps.org/doi/10.1103/PhysRevLett.109.147405},
volume = {109},
year = {2012}
}
@article{Zaske2012,
author = {Zaske, Sebastian and Lenhard, Andreas and Ke\ss ler, Christian A. and Kettler, Jan and Hepp, Christian and Arend, Carsten and Albrecht, Roland and Schulz, Wolfgang-Michael and Jetter, Michael and Michler, Peter and Becher, Christoph},
doi = {10.1103/PhysRevLett.109.147404},
issn = {0031-9007},
journal = {Physical Review Letters},
keywords = {1ph-1q},
mendeley-tags = {1ph-1q},
month = oct,
number = {14},
pages = {147404},
title = {{Visible-to-Telecom Quantum Frequency Conversion of Light from a Single Quantum Emitter}},
url = {http://link.aps.org/doi/10.1103/PhysRevLett.109.147404},
volume = {109},
year = {2012}
}
@article{Stone2010,
author = {Chong, Y. D. and Li Ge and Hui Cao and Stone, A. D.},
doi = {10.1103/PhysRevLett.105.053901},
journal = {Physical Review Letters},
keywords = {1ph-1q},
mendeley-tags = {1ph-1q},
month = jul,
pages = {053901},
title = {{Coherent Perfect Absorbers: Time-Reversed Lasers}},
volume = {105},
year = {2010}
}
@article{Abdo2013,
author = {Abdo, Baleegh and Sliwa, Katrina and Schackert, Flavius and Bergeal, Nicolas and Hatridge, Michael and Frunzio, Luigi and Stone, A. Douglas and Devoret, Michel},
doi = {10.1103/PhysRevLett.110.173902},
issn = {0031-9007},
journal = {Physical Review Letters},
keywords = {1ph-1q},
mendeley-tags = {1ph-1q},
month = apr,
number = {17},
pages = {173902},
title = {{Full Coherent Frequency Conversion between Two Propagating Microwave Modes}},
url = {http://link.aps.org/doi/10.1103/PhysRevLett.110.173902},
volume = {110},
year = {2013}
}

@article{Guinea1998,
author = {Guinea, F. and Bascones, E. and Calderon, M. J.},
doi = {10.1063/1.56342},
file = {:Users/user/papers/Guinea-F--Dissipative-Quantum-Systems--bosonization-orthogonality-catastrophe--Lecture-notes-annotated.pdf:pdf},
issn = {0094-243X},
journal = {American Institute of Physics Conference Series},
keywords = {Electronic transport in mesoscopic systems,Quantum statistical mechanics,Strongly correlated electron systems,heavy fermions},
language = {en},
month = jul,
pages = {1--82},
title = {{Quantum dissipative systems}},
url = {http://adsabs.harvard.edu/abs/1998AIPC..438....1G},
volume = {438},
year = {1998}
}

@article{Peropadre2013,
author = {Peropadre, B. and Zueco, D. and Porras, D. and Garc\'{\i}a-Ripoll, J. J.},
doi = {10.1103/PhysRevLett.111.243602},
issn = {0031-9007},
journal = {Physical Review Letters},
month = dec,
number = {24},
pages = {243602},
title = {{Nonequilibrium and Nonperturbative Dynamics of Ultrastrong Coupling in Open Lines}},
url = {http://link.aps.org/doi/10.1103/PhysRevLett.111.243602},
volume = {111},
year = {2013}
}

@article{Eberly2002,
author = {K. W. Chan and C. K. Law and J. H. Eberly},
doi = {10.1103/PhysRevLett.88.100402},
journal = {Physical Review Letters},
month = feb,
pages = {100402},
title = {{Localized Single-Photon Wave Functions in Free Space}},
url = {http://journals.aps.org/prl/pdf/10.1103/PhysRevLett.88.100402},
volume = {88},
year = {2002}
}

@article{Zueco2013,
author = {Borja Peropadre and David Zueco and Friedrich Wulschner and Frank Deppe and Achim Marx and Rudolf Gross and Juan Jos√© Garc\'{\i}a-Ripoll},
doi = {10.1103/PhysRevB.87.134504},
journal = {Physical Review B},
month = apr,
pages = {134504},
title = {{Tunable coupling engineering between superconducting resonators: From sidebands to effective gauge fields}},
url = {http://journals.aps.org/prb/pdf/10.1103/PhysRevB.87.134504},
volume = {87},
year = {2013}
}

@article{Burillo2014,
author = {S\'anchez-Burillo, E. and Zueco, D. and Garc\'{\i}a-Ripoll, J. J. and Martin-Moreno, L.},
doi = {10.1103/PhysRevLett.113.263604},
journal = {Physical Review Letters},
month = dec,
pages = {263604},
title = {{Scattering in the Ultrastrong Regime: Nonlinear Optics with One Photon}},
url = {http://journals.aps.org/prl/abstract/10.1103/PhysRevLett.113.263604},
volume = {113},
year = {2014}
}

@article{Ripoll2015,
author = "Guillermo D\'iaz-Camacho and Diego Porras and Juan Jos\'e Garc\'ia-Ripoll",
month = feb,
title = "{Photon-mediated qubit interactions in 1D discrete and continuous models}",
archivePrefix = "arXiv",
eprint = "1502.05539v1",
primaryClass = "quant-ph",
url={http://arxiv.org/pdf/1502.05539v1.pdf},
year = {2015}
}

@article{Calajo2016,
author = {Giuseppe Calaj\'o and Francesco Ciccarello and Darrick Chang and Peter Rabl},
doi = {10.1103/PhysRevA.93.033833},
journal = {Phys. Rev. A},
month = mar,
pages = {033833},
volume = {93},
year = {2016}
}

@article{Cirac2015,
author = "Tao Shi and Ying-Hai Wu and A. Gonz\'{a}lez Tudela and J. I. Cirac",
month = dec,
title = "{Bound states in boson impurity models}",
archivePrefix = "arXiv",
eprint = "1512.07238v1",
primaryClass = "quant-ph",
url={http://arxiv.org/pdf/1512.07238v1.pdf},
year = {2015}
}

@article{Niemczyk2010,
author = {Niemczyk, T. and Deppe, F. and Huebl, H. and Menzel, E.P. and Hocke, F. and Schwarz, M.J. and Garc\'{\i}a-Ripoll, J. J. and Zueco, D. and H\"{u}mmer, T. and Solano, E. and Marx, A. and Gross, R.},
doi = {10.1038/NPHYS1730},
journal = {Nature Physics},
month = jul,
pages = {772},
title = {{Circuit quantum electrodynamics in the ultrastrong-coupling regime}},
url = {http://www.nature.com/nphys/journal/v6/n10/abs/nphys1730.html},
volume = {6},
year = {2010}
}

@article{Ciuti2005,
author = {C. Ciuti and G. Bastard and I. Carusotto},
doi = {10.1103/PhysRevB.72.115303},
journal = {Physical Review B},
pages = {115303},
volume = {72},
year = {2005}
}

@article{DeLiberato2008,
author = {De Liberato, S. and C. Ciuti},
doi = {10.1103/PhysRevB.77.155321},
journal = {Physical Review B},
pages = {155321},
volume = {77},
year = {2008}
}

@article{Tudela2011a,
author = {Alejandro Gonz\'{a}lez-Tudela and Diego Mart\'{i}n-Cano and Esteban Moreno and L. Mart\'{i}n-Moreno and C. Tejedor and F. J. Garc\'{i}a-Vidal},
doi = {10.1103/PhysRevLett.106.020501},
journal = {Phys. Rev. Lett.},
month = jan,
pages = {020501},
volume = {106},
year = {2011}
}

@article{Tudela2011b,
author = {Diego Mart\'{i}n-Cano and Alejandro Gonz\'{a}lez-Tudela and L. Mart\'{i}n-Moreno and Garc\'{i}a-Vidal, F. J. and Carlos Tejedor and Esteban Moreno},
doi = {10.1103/PhysRevB.84.235306},
journal = {Physical Review B},
month = dec,
pages = {235306},
volume = {84},
year = {2011}
}

@article{Romero2009b,
abstract = {We develop the theory of a metamaterial composed of an array of discrete quantum absorbers inside a one-dimensional waveguide that implements a high-efficiency microwave photon detector. A basic design consists of a few metastable superconducting nanocircuits spread inside and coupled to a one-dimensional waveguide in a circuit QED setup. The arrival of a propagating quantum microwave field induces an irreversible change in the population of the internal levels of the absorbers, due to a selective absorption of photon excitations. This design is studied using a formal but simple quantum field theory, which allows us to evaluate the single-photon absorption efficiency for one and many absorber setups. As an example, we consider a particular design that combines a coplanar coaxial waveguide with superconducting phase qubits, a natural but not exclusive playground for experimental implementations. This work and a possible experimental realization may stimulate the possible arrival of 'all-optical' quantum information processing with propagating quantum microwaves, where a microwave photodetector could play a key role.},
author = {Romero, Guillermo and Garc\'{\i}a-Ripoll, Juan Jos\'{e} and Solano, Enrique},
doi = {10.1088/0031-8949/2009/T137/014004},
journal = {Physica Scripta},
keywords = {1ph-1q},
mendeley-tags = {1ph-1q},
number = {T137},
pages = {14004},
title = {{Photodetection of propagating quantum microwaves in circuit QED}},
volume = {2009},
year = {2009}
}
@article{Romero2009a,
author = {Romero, G. and Garc\'{\i}a-Ripoll, J. J. and Solano, E.},
doi = {10.1103/PhysRevLett.102.173602},
issn = {0031-9007},
journal = {Physical Review Letters},
keywords = {1ph-1q},
mendeley-tags = {1ph-1q},
month = apr,
number = {17},
pages = {173602},
title = {{Microwave Photon Detector in Circuit QED}},
volume = {102},
year = {2009}
}
@article{Peropadre2011,
author = {Peropadre, B. and Romero, G. and Johansson, G. and Wilson, C. M. and Solano, E. and Garc\'{\i}a-Ripoll, J. J.},
journal = {Physical Review A},
keywords = {1ph-1q},
mendeley-tags = {1ph-1q},
month = dec,
number = {6},
pages = {063834},
title = {{Approaching perfect microwave photodetection in circuit QED}},
volume = {84},
year = {2011}
}
@article{Sandoghdar2012,
author = {Rezus, Y.L.A. and Walt, S.G. and Lettow R.and Renn A.,Zumofen G.and Gotzinge S. and Sandoghdar V.},
journal = {Physical Review Letters},
keywords = {1ph-1q},
month = feb,
pages = {093601},
title = {{Single-Photon Spectroscopy of a Single Molecule}},
volume = {108},
year = {2012}
}
@article{Nori2008a,
author = {Lan Zhou and Z. R. Gong and Yu-xi Liu and C. P. Sun and Franco Nori},
journal = {Physical Review Letters},
doi = {10.1103/PhysRevLett.101.100501},
keywords = {1ph-1q},
month = dec,
pages = {100501},
title = {{Controllable Scattering of a Single Photon inside a One-Dimensional Resonator Waveguide}},
volume = {101},
year = {2008}
}
@article{Nori2008b,
author = {Lan Zhou and H. Dong and Yu-xi Liu and C. P. Sun and Franco Nori},
journal = {Physical Review A},
doi = {10.1103/PhysRevA.78.063827},
keywords = {1ph-1q},
month = dec,
pages = {063827},
title = {{Quantum supercavity with atomic mirrors}},
volume = {78},
year = {2008}
}
@article{Sun2009,
author = {Shi, T. and Sun, C. P.},
journal = {Physical Review B},
doi = {10.1103/PhysRevB.79.205111},
keywords = {1ph-1q},
month = may,
pages = {205111},
title = {{Lehmann-Symanzik-Zimmermann reduction approach to multiphoton scattering in coupled-resonator arrays}},
volume = {79},
year = {2009}
}
@article{Sun2013,
author = {Lan Zhou and Yang, Li-Ping and Yong Li and C. P. Sun},
journal = {Physical Review Letters},
doi = {10.1103/PhysRevLett.111.103604},
keywords = {1ph-1q},
month = sep,
pages = {103604},
title = {{Quantum Routing of Single Photons with a Cyclic Three-Level System}},
volume = {111},
year = {2013}
}
@article{Lukin2005,
author = {Eisaman, M.D. and Andr√©, A. and Massou, F. and Fleischhauer, M. and Zibrov, A.S. and Lukin, M.D.},
doi = {10.1038/nature04327},
journal = {Nature},
keywords = {1ph-1q},
month = dec,
pages = {837},
title = {{Electromagnetically induced transparency with tunable single-photon pulses}},
volume = {438},
year = {2005}
}
@article{Lukin2007,
author = {Darrick E. Chang and Anders S. S{\o}rensen and Eugen A. Demler and Mikhail D. Lukin},
doi = {10.1038/nphys708},
journal = {Nature Physics},
keywords = {1ph-1q},
month = nov,
pages = {807},
title = {{A single-photon transistor using nanoscale surface plasmons}},
volume = {3},
year = {2007}
}
@article{Milburn2001,
author = {Knill, E. and Laflamme, R. and Milbur, G.J.},
journal = {Nature},
keywords = {1ph-1q},
month = jan,
pages = {46},
title = {{A scheme for efficient quantum computation with linear optics}},
volume = {409},
year = {2001}
}
@article{OBrien2001,
author = {Jeremy L. O'Brien},
journal = {Science},
keywords = {1ph-1q},
month = dec,
pages = {1567},
title = {{Optical Quantum Computing}},
volume = {318},
year = {2007}
}

@article{Longo2009,
author = {Paolo Longo and Peter Schmitteckert and Kurt Busch},
doi = {10.1088/1464-4258/11/11/114009},
journal = {Journal of Optics A: Pure and Applied Optics},
keywords = {1ph-1q},
month = jun,
pages = {114009},
title = {{Dynamics of photon transport through quantum impurities in dispersion-engineered one-dimensional systems}},
volume = {11},
year = {2009}
}
@article{Longo2010,
author = {Paolo Longo and Peter Schmitteckert and Kurt Busch},
doi = {10.1103/PhysRevLett.104.023602},
journal = {Physical Review Letters},
keywords = {1ph-1q},
month = jan,
pages = {023602},
title = {{Few-Photon Transport in Low-Dimensional Systems: Interaction-Induced Radiation Trapping}},
volume = {104},
year = {2010}
}
@article{Longo2011,
author = {Paolo Longo and Peter Schmitteckert and Kurt Busch},
doi = {10.1103/PhysRevA.83.063828},
journal = {Physical Review A},
keywords = {1ph-1q},
month = jun,
pages = {063828},
title = {{Few-photon transport in low-dimensional systems}},
volume = {83},
year = {2011}
}
@article{LeHur2012,
author = {Karyn Le Hur},
doi = {10.1103/PhysRevB.85.140506},
journal = {Physical Review B},
keywords = {1ph-1q},
month = apr,
pages = {140506(R)},
title = {{Few-photon transport in low-dimensional systems}},
volume = {85},
year = {2012}
}
@article{Baranger2013a,
author = {Yao-Lunf L. Fang and Huaixiu Zheng and Harold U. Baranger},
doi = {10.1140/epjqt3},
journal = {EPJ Quantum Technology},
keywords = {1ph-1q},
url = {http://www.epjquantumtechnology.com/content/1/1/3},
number = 3,
title = {{Few-photon transport in low-dimensional systems}},
volume = 1,
year = 2014
}
@article{Baranger2013b,
author = {Huaixiu Zheng and Harold U. Baranger},
doi = {10.1103/PhysRevLett.110.113601},
journal = {Phys. Rev. Lett.},
keywords = {1ph-1q},
url = {http://journals.aps.org/prl/abstract/10.1103/PhysRevLett.110.113601},
pages = {113601},
title = {{Persistent Quantum Beats and Long-Distance Entanglement from
Waveguide-Mediated Interactions}},
volume = 110,
year = 2013
}
@article{Fan2003,
author = {Mehmet Fatih Yanik and Shanhui Fan and Marin Solja\v{c}i\'{c} and J. D. Joannopoulos},
doi = {10.1364/OL.28.002506},
journal = {Optics Letters},
keywords = {1ph-1q},
month = dec,
pages = {2506},
title = {{All-optical transistor action with bistable switching in a photonic crystal cross-waveguide geometry}},
volume = {28},
year = {2003}
}
@article{Fan2005a,
author = {Jung-Tsung Shen and Shanhui Fan},
doi = {http://dx.doi.org/10.1364/OL.30.002001},
journal = {Optics Letters},
keywords = {1ph-1q},
month = aug,
pages = {2001},
title = {{Coherent photon transport from spontaneous emission in one-dimensional waveguides}},
volume = {30},
year = {2005}
}
@article{Fan2005b,
author = {Jung-Tsung Shen and Shanhui Fan},
doi = {10.1103/PhysRevLett.95.213001},
journal = {Physical Review Letters},
keywords = {1ph-1q},
month = nov,
pages = {213001},
title = {{Coherent Single Photon Transport in a One-Dimensional Waveguide Coupled with Superconducting Quantum Bits}},
volume = {95},
year = {2005}
}
@article{Fan2007,
author = {Jung-Tsung Chen and Shanhui Fan},
doi = {10.1103/PhysRevA.76.062709},
journal = {Physical Review A},
keywords = {1ph-1q},
month = dec,
pages = {062709},
title = {{Strongly correlated multiparticle transport in one dimension through a quantum impurity}},
volume = {76},
year = {2007}
}
@article{Fan2010,
author = {Shanhui Fan and \c{S}\"{u}kr\"{u} Kocaba\c{s} and Jung-Tsung Chen},
doi = {10.1103/PhysRevA.82.063821},
journal = {Physical Review A},
keywords = {1ph-1q},
month = apr,
pages = {063821},
title = {{Input-output formalism for few-photon transport in one-dimensional nanophotonic waveguides coupled to a qubit}},
volume = {82},
year = {2010}
}
@article{Fan2011,
author = {Shi, T. and Shanhui Fan and Sun, C. P.},
doi = {10.1103/PhysRevA.84.063803},
journal = {Physical Review A},
keywords = {1ph-1q},
pages = {063803},
title = {{Two-photon transport in a waveguide coupled to a cavity in a two-level system}},
volume = {84},
year = {2011}
}
@article{Fan2012,
author = {Eden Rephaeli and Shanhui Fan},
doi = {10.1103/PhysRevLett.108.143602},
journal = {Physical Review Letters},
keywords = {1ph-1q},
month = apr,
pages = {143602},
title = {{Stimulated Emission from a Single Excited Atom in a Waveguide}},
volume = {108},
year = {2012}
}

@article{Roy2016,
author = "Dibyendu Roy and C. M. Wilson and Ofer Firstenberg",
month = mar,
title = "{Strongly interacting photons in one-dimensional continuum}",
archivePrefix = "arXiv",
eprint = "1603.06590v1",
primaryClass = "quant-ph",
url={https://arxiv.org/pdf/1603.06590v1.pdf},
year = {2016}
}


@article{Gaveau1995,
author = {B. Gaveau and L. S. Schulmann},
doi = {10.1088/0305-4470/28/24/029},
journal = {Journal of Physics A},
keywords = {1ph-1q},
month = aug,
pages = {7359-7374},
title = {{Limited quantum decay}},
volume = {28},
year = {1995}
}
@article{Lambropoulos2000,
author = {P. Lambropoulos and Georgios M. Nikolopoulos and Torben R. Nielsen and S\{o}ren Bay},
doi = {10.1088/0034-4885/63/4/201},
journal = {Reports on Progress in Physics},
keywords = {1ph-1q},
month = jul,
pages = {455-503},
title = {{Fundamental quantum optics in structured reservoirs}},
volume = {63},
year = {2000}
}
@article{Tanaka2006,
author = {Satoshi Tanaka and Sterling Garmon and Tomio Petrosky},
doi = {10.1103/PhysRevB.73.115340},
journal = {Physical Review B},
keywords = {1ph-1q},
month = mar,
pages = {115340},
title = {{Nonalaytic enhancement of the charge transfer from adatom to one-dimensional semiconductor superlattice and optical absorption spectrum}},
volume = {73},
year = {2006}
}
@article{Lombardo2014,
author = {F. Lombardo and F. Ciccarello and G. M. Palma},
doi = {10.1103/PhysRevA.89.053826},
journal = {Physical Review A},
keywords = {1ph-1q},
month = may,
pages = {053826},
title = {{Photon localization versus population trapping in a coupled-cavity array}},
volume = {89},
year = {2014}
}
@article{Paul1982,
author = {Paul, H.},
journal = {Review of Modern Physics},
keywords = {1ph-1q},
month = oct,
number = {4},
pages = {1061},
title = {{Photon antibunching}},
volume = {54},
year = {1982}
}



@article{White1992,
author = {White, S.R.},
journal = {Physical Review Letters},
keywords = {1ph-1q},
mendeley-tags = {1ph-1q},
month = nov,
pages = {2863},
title = {{Density Matrix Formulation for Quantum Renormalization Groups}},
volume = {69},
year = {1992}
}
@article{JJRipoll2006,
author = {Juan Jos\'e Garc\'ia-Ripoll},
doi = {10.1088/1367-2630/8/12/305},
journal = {New Journal of Physics},
month = dec,
pages = {305},
title = {{Time evolution of Matrix Product States}},
url = {http://iopscience.iop.org/1367-2630/8/12/305/fulltext/},
year = {2006},
volume = {8}
}
@article{Vidal2003,
author = {Guifr\'e Vidal},
doi = {10.1103/PhysRevLett.91.147902},
journal = {Physical Review Letters},
month = oct,
pages = {147902},
title = {{Efficient Classical Simulation of Slightly Entangled Quantum Computations}},
url = {http://journals.aps.org/prl/abstract/10.1103/PhysRevLett.91.147902},
year = {2003},
volume = {91}
}
@article{Vidal2004,
author = {Guifr\'e Vidal},
doi = {10.1103/PhysRevLett.93.040502},
journal = {Physical Review Letters},
month = jul,
pages = {040502},
title = {{Efficient Simulation of One-Dimensional Quantum Many-Body Systems}},
url = {http://journals.aps.org/prl/abstract/10.1103/PhysRevLett.93.040502},
year = {2004},
volume = {93}
}
@article{McCulloch2007,
author = {Ian P McCulloch},
doi = {10.1088/1742-5468/2007/10/P10014},
issn = {1742-5468},
journal = {Journal of Statistical Mechanics: Theory and Experiment},
month = oct,
pages = {P10014},
title = {{From density-matrix renormalization group to matrix product states}},
url = {http://iopscience.iop.org/1742-5468/2007/10/P10014},
year = {2007},
volume = {2007}
}
@article{Suzuki1991,
author = {Masuo Suzuki},
journal = {Journal of Mathematical Physics},
month = sep,
pages = 400,
title = {{General theory of fractal path integrals with applications to many‚Äêbody theories and statistical physics}},
url = {http://scitation.aip.org/content/aip/journal/jmp/32/2/10.1063/1.529425},
year = 1991,
volume = 32
}
@article{Tasaki1988,
author = {Ian Affleck and Tom Kennedy and Elliott H. Lieb and Hal Tasaki},
journal = {Communications in Mathematical Physics},
pages = {477-528},
title = {{Valence Bound Ground States in Isotropic Quantum Antiferromagnets}},
year = 1988,
volume = 115
}
@article{Werner1992,
author = {Fannes, M. and Nachtergaele, B. and Werner, R.F.},
journal = {Communications in Mathematical Physics},
pages = {443-490},
title = {{Finitely Correlated States on Quantum Spin Chains}},
year = 1992,
volume = 144
}
@article{Verstraete2008,
author = {F. Verstraete and V. Murg and J. I. Cirac},
doi = {10.1080/14789940801912366},
journal = {Advances in Physics},
month = jul,
pages = {143},
title = {{Matrix product states, projected entangled pair states, and variational renormalization group methods for quantum spin systems}},
year = {2008},
volume = {57}
}
@article{Verstraete2010,
author = {Pirvu, B. and Murg, V. and Cirac, J.I., and Verstraete, F.},
doi = {10.1088/1367-2630/12/2/025012},
journal = {New Journal of Physics},
month = feb,
pages = {025012},
title = {{Matrix product operator representations}},
year = {2010},
volume = {12}
}
@article{Cirac2004,
author = {Verstraete, F. and Garc\'{i}a-Ripoll, J. J. and Cirac, J. I.},
doi = {10.1103/PhysRevLett.93.207204},
journal = {Physical Review Letters},
pages = {207204},
title = {{Matrix product states represent ground states faithfully}},
year = {2004},
volume = {93}
}
@article{Cirac2006,
author = {Verstraete, F. and Cirac, J. I.},
doi = {10.1103/PhysRevB.73.094423},
journal = {Physical Review B},
month = mar,
pages = {094423},
title = {{Matrix product states represent ground states faithfully}},
year = {2006},
volume = {73}
}
@article{Wilson1975,
author = {Kennet G. Wilson},
journal = {Reviews of Modern Physics},
month = oct,
number = {4},
pages = {773},
title = {{The renormalization group: Critical phenomena and the Kondo problem}},
year = {1975},
volume = {47}
}

@article{Rothe2006,
author = {C. Rothe and S. I. Hintschich and A. P. Monkman},
journal = {Phys. Rev. Lett.},
month = apr,
pages = {163601},
title = {{Violation of the Exponential-Decay Law at Long Times}},
year = {2006},
volume = {96}
}


@book{Cohen-Tannoudji1992,
author = {Cohen-Tannoudji, Claude and Dupont-Roc, Jacques and Grynberg, Gilbert},
isbn = {0471625566},
keywords = {1ph-1q},
mendeley-tags = {1ph-1q},
pages = {680},
publisher = {Wiley-Interscience},
title = {{Atom-Photon Interactions: Basic Processes and Applications}},
url = {http://www.amazon.com/Atom-Photon-Interactions-Basic-Processes-Applications/dp/0471625566},
year = {1992}
}

@book{Greiner-fq,
author = {Walter Greiner and Joachim Reinhardt},
isbn = {978-3540780489},
publisher = {Springer},
title = {{Field Quantization}},
year = {1996}
}

@book{Peskin,
author = {Michael E. Peskin and Daniel V. Schroeder},
isbn = {978-0201503975},
publisher = {ABP},
title = {{An Introduction to Quantum Field Theory}},
year = {1995}
}


@book{Boyd2003,
author = {Boyd, Robert W.},
edition = {2nd},
publisher = {Academic Press},
title = {{Nonlinear Optics, Second Edition}},
url = {http://www.amazon.com/Nonlinear-Optics-Second-Edition-Robert/dp/0121216829},
year = 2003
}


@article{Hoi2011,
author = {Hoi, I C and  Wilson, C M and Johansson, G and  
                  Palomaki, T and
                  Peropadre, B and Delsing, P},
journal = {Phys. Rev. Lett.},
pages = 073601,
title = {Demonstration of a single-photon router in the microwave regime},
year = 2011,
volume = 107
}

@article{Hoi2013,
author = {Hoi, Io-Chun and Kockum, Anton F. and Palomaki, Tauno and Stace, Thomas M. and Fan, Bixuan and Tornberg, Lars and Sathyamoorthy, Sankar R. and Johansson, G\"{o}ran and Delsing, Per and Wilson, C. M.},
doi = {10.1103/PhysRevLett.111.053601},
issn = {0031-9007},
journal = {Physical Review Letters},
month = aug,
number = {5},
pages = {053601},
title = {{Giant Cross‚ÄìKerr Effect for Propagating Microwaves Induced by an Artificial Atom}},
url = {http://link.aps.org/doi/10.1103/PhysRevLett.111.053601},
volume = {111},
year = {2013}
}

@article{VanLoo2013,
abstract = {Photon-mediated interactions between atoms are of fundamental importance in quantum optics, quantum simulations, and quantum information processing. The exchange of real and virtual photons between atoms gives rise to nontrivial interactions, the strength of which decreases rapidly with distance in three dimensions. Here, we use two superconducting qubits in an open one-dimensional transmission line to study much stronger photon-mediated interactions. Making use of the possibility to tune these qubits by more than a quarter of their transition frequency, we observe both coherent exchange interactions at an effective separation of 3$\lambda$/4 and the creation of super- and subradiant states at a separation of one photon wavelength $\lambda$. In this system, collective atom-photon interactions and applications in quantum communication may be explored.},
author = {van Loo, Arjan F and Fedorov, Arkady and Lalumi\`{e}re, Kevin and Sanders, Barry C and Blais, Alexandre and Wallraff, Andreas},
doi = {10.1126/science.1244324},
issn = {1095-9203},
journal = {Science (New York, N.Y.)},
month = dec,
number = {6165},
pages = {1494--6},
pmid = {24231805},
title = {{Photon-mediated interactions between distant artificial atoms.}},
url = {http://www.sciencemag.org/content/342/6165/1494.abstract},
volume = {342},
year = {2013}
}

@article{Hoi2013b,
author = {Hoi, Io-Chun and Wilson, C M and Johansson, G{\"{o}}ran and Lindkvist, Joel and Peropadre, Borja and Palomaki, Tauno and Delsing, Per},
doi = {10.1088/1367-2630/15/2/025011},
issn = {1367-2630},
journal = {New Journal of Physics},
language = {en},
month = {feb},
number = {2},
pages = {025011},
publisher = {IOP Publishing},
title = {{Microwave quantum optics with an artificial atom in one-dimensional open space}},
url = {http://iopscience.iop.org/article/10.1088/1367-2630/15/2/025011},
volume = {15},
year = {2013}
}

@article{Redchenko2014,
author = {E. S. Redchenko and V. I. Yudson},
doi = {10.1103/PhysRevA.90.063829},
journal = {Physical Review A},
language = {en},
month = {dec},
pages = {063829},
title = {{Decay of metastable excited states of two qubits in a waveguide}},
url = {http://journals.aps.org/pra/abstract/10.1103/PhysRevA.90.063829},
volume = {90},
year = {2014}
}

@article{Astafiev2010,
author = {Astafiev, O and Zagoskin, A M and Abdumalikov, A A and
                  Pashkin, Yu A and Yamamoto, T and Inomata, K and
                  Nakamura, Y and Tsai, J S},
journal = {Science},
number = 5967,
pages = 840,
title = {Resonance fluorescence of a single artificial atom},
volume = 327,
year = 2010
}

@article{John1984,
  title = {Electromagnetic Absorption in a Disordered Medium near a Photon Mobility Edge},
  author = {John, Sajeev},
  journal = {Phys. Rev. Lett.},
  volume = {53},
  issue = {22},
  pages = {2169--2172},
  numpages = {0},
  year = {1984},
  month = {nov},
  publisher = {American Physical Society},
  doi = {10.1103/PhysRevLett.53.2169},
  url = {http://journals.aps.org/prl/abstract/10.1103/PhysRevLett.53.2169}
}

@article{John1987,
  title = {Strong Localization of Photons in Certain Disordered Dielectric Superlattices},
  author = {John, Sajeev},
  journal = {Phys. Rev. Lett.},
  volume = {58},
  issue = {23},
  pages = {2486--2489},
  numpages = {0},
  year = {1987},
  month = {jun},
  publisher = {American Physical Society},
  doi = {10.1103/PhysRevLett.58.2486},
  url = {http://journals.aps.org/prl/abstract/10.1103/PhysRevLett.58.2486}
}


@article{John1990,
  title = {Quantum electrodynamics near a photonic band gap: Photon bound states and dressed atoms},
  author = {John, Sajeev and Wang, Jian},
  journal = {Phys. Rev. Lett.},
  volume = {64},
  issue = {20},
  pages = {2418--2421},
  numpages = {0},
  year = {1990},
  month = {May},
  publisher = {American Physical Society},
  doi = {10.1103/PhysRevLett.64.2418},
  url = {http://link.aps.org/doi/10.1103/PhysRevLett.64.2418}
}

@article{John1991,
  title = {Quantum optics of localized light in a photonic band gap},
  author = {John, Sajeev and Wang, Jian},
  journal = {Phys. Rev. B},
  volume = {43},
  issue = {16},
  pages = {12772--12789},
  numpages = {0},
  year = {1991},
  month = {jun},
  publisher = {American Physical Society},
  doi = {10.1103/PhysRevB.43.12772},
  url = {http://journals.aps.org/prb/abstract/10.1103/PhysRevB.43.12772}
}

@article{John1994,
author = {Sajeev John and Tran Quang},
doi = {10.1103/PhysRevA.50.1764},
journal = {Physical Review A},
month = aug,
pages = {1764},
title = {{Spontaneous emission near the edge of a photonic band gap}},
volume = {50},
year = {1994}
}

@article{Eisert10,
  title = {Colloquium},
  author = {Eisert, J. and Cramer, M. and Plenio, M. B.},
  journal = {Rev. Mod. Phys.},
  volume = {82},
  issue = {1},
  pages = {277--306},
  numpages = {0},
  year = {2010},
  month = {Feb},
  publisher = {American Physical Society},
  doi = {10.1103/RevModPhys.82.277},
  url = {http://link.aps.org/doi/10.1103/RevModPhys.82.277}
}
@article{deLiberato14,
  title = {Light-Matter Decoupling in the Deep Strong Coupling Regime: The Breakdown of the Purcell Effect},
  author = {De Liberato, Simone},
  journal = {Phys. Rev. Lett.},
  volume = {112},
  issue = {1},
  pages = {016401},
  numpages = {5},
  year = {2014},
  month = {Jan},
  publisher = {American Physical Society},
  doi = {10.1103/PhysRevLett.112.016401},
  url = {http://link.aps.org/doi/10.1103/PhysRevLett.112.016401}
}
@article{LeHur12,
  title = {Kondo resonance of a microwave photon},
  author = {Le Hur, Karyn},
  journal = {Phys. Rev. B},
  volume = {85},
  issue = {14},
  pages = {140506},
  numpages = {4},
  year = {2012},
  month = {Apr},
  publisher = {American Physical Society},
  doi = {10.1103/PhysRevB.85.140506},
  url = {http://link.aps.org/doi/10.1103/PhysRevB.85.140506}
}
@article{Romero12,
  title = {Ultrafast Quantum Gates in Circuit QED},
  author = {Romero, G. and Ballester, D. and Wang, Y. M. and Scarani, V. and Solano, E.},
  journal = {Phys. Rev. Lett.},
  volume = {108},
  issue = {12},
  pages = {120501},
  numpages = {5},
  year = {2012},
  month = {Mar},
  publisher = {American Physical Society},
  doi = {10.1103/PhysRevLett.108.120501},
  url = {http://link.aps.org/doi/10.1103/PhysRevLett.108.120501}
}

@incollection{Devoret1995,
author = {Devoret, Michel H.},
booktitle = {Quantum Fluctuations},
editor = {{Les Houches Session LXIII}},
file = {:Users/user/papers/Houches\_fluctuations.pdf:pdf},
keywords = {circuit-QED,general,qft-dissipation},
mendeley-tags = {circuit-QED,general,qft-dissipation},
pages = {351-386},
title = {{Quantum Fluctuations in Electrical Circuits}},
year = {1995}
}


@article{Plenio2010,
  title = {Entanglement and Non-Markovianity of Quantum Evolutions},
  author = {\'Angel Rivas and Susana F. Huelga and Martin B. Plenio},
  journal = {Phys. Rev. Lett.},
  volume = {105},
  pages = {050403},
  numpages = {4},
  year = {2010},
  month = {jul},
  publisher = {American Physical Society},
  doi = {10.1103/PhysRevLett.105.050403},
  url = {http://journals.aps.org/prl/pdf/10.1103/PhysRevLett.105.050403}
}

@article{Wallraff2013,
  title = {Input-output theory for waveguide QED with an ensemble of inhomogeneous atoms},
  author = {Kevin Lalumi\`ere and Barry C. Sanders and A. F. van Loo and A. Fedorov and A. Wallraff and A. Blais},
  journal = {Phys. Rev. A},
  volume = {88},
  pages = {043806},
  numpages = {15},
  year = {2013},
  month = {oct},
  publisher = {American Physical Society},
  doi = {10.1103/PhysRevA.88.043806},
  url = {http://journals.aps.org/pra/abstract/10.1103/PhysRevA.88.043806}
}

@article{Sollner2015,
author = {S{\"{o}}llner, Immo and Mahmoodian, Sahand and Hansen, Sofie Lindskov and Midolo, Leonardo and Javadi, Alisa and Kir{\v{s}}anskƒó, Gabija and Pregnolato, Tommaso and El-Ella, Haitham and Lee, Eun Hye and Song, Jin Dong and Stobbe, S{\o}ren and Lodahl, Peter},
doi = {10.1038/nnano.2015.159},
issn = {1748-3387},
journal = {Nature Nanotechnology},
month = {jul},
number = {9},
pages = {775--778},
publisher = {Nature Publishing Group},
shorttitle = {Nat Nano},
title = {{Deterministic photon‚Äìemitter coupling in chiral photonic circuits}},
url = {http://dx.doi.org/10.1038/nnano.2015.159},
volume = {10},
year = {2015}
}

@article{Arcari2014,
author = {Arcari, M. and S{\"{o}}llner, I. and Javadi, A. and {Lindskov Hansen}, S. and Mahmoodian, S. and Liu, J. and Thyrrestrup, H. and Lee, E.‚ÄâH. and Song, J.‚ÄâD. and Stobbe, S. and Lodahl, P.},
doi = {10.1103/PhysRevLett.113.093603},
issn = {0031-9007},
journal = {Physical Review Letters},
month = {aug},
number = {9},
pages = {093603},
title = {{Near-Unity Coupling Efficiency of a Quantum Emitter to a Photonic Crystal Waveguide}},
url = {http://link.aps.org/doi/10.1103/PhysRevLett.113.093603},
volume = {113},
year = {2014}
}

@article{Lodahl2015,
author = {Lodahl, Peter and Mahmoodian, Sahand and Stobbe, S{\o}ren},
doi = {10.1103/RevModPhys.87.347},
issn = {0034-6861},
journal = {Reviews of Modern Physics},
month = {may},
number = {2},
pages = {347--400},
title = {{Interfacing single photons and single quantum dots with photonic nanostructures}},
url = {http://link.aps.org/doi/10.1103/RevModPhys.87.347},
volume = {87},
year = {2015}
}

@article{Liu2017,
author = {Liu, Y. and Houck, A. A.},
doi = {10.1038/nphys3834},
journal = {Nature Physics},
month = {jan},
number = {13},
pages = {48-52},
title = {{Quantum electrodynamics near a photonic band-gap}},
url = {http://dx.doi.org/10.1038/nphys3834},
volume = {},
year = {2017}
}

@article{thompson2013,
  title={Coupling a single trapped atom to a nanoscale optical cavity},
  author={Thompson, JD and Tiecke, TG and de Leon, NP and Feist, J and Akimov, AV and Gullans, M and Zibrov, AS and Vuleti{\'c}, V and Lukin, MD},
  journal={Science},
  volume={340},
  number={6137},
  pages={1202--1205},
  year={2013},
  publisher={American Association for the Advancement of Science}
}
@article{goban2015,
  title = {Superradiance for Atoms Trapped along a Photonic Crystal Waveguide},
  author = {Goban, A. and Hung, C.-L. and Hood, J. D. and Yu, S.-P. and Muniz, J. A. and Painter, O. and Kimble, H. J.},
  journal = {Phys. Rev. Lett.},
  volume = {115},
  issue = {6},
  pages = {063601},
  numpages = {5},
  year = {2015},
  month = {Aug},
  publisher = {American Physical Society},
  doi = {10.1103/PhysRevLett.115.063601},
  url = {http://link.aps.org/doi/10.1103/PhysRevLett.115.063601}
}


